@GLOSSDEF{Green function,
    word="Green function",
    definition="A \textbf{microscopic models} specifically designed for describe the light scattering picture of light-matter interaction.",
    }
